<?xml version="1.0" encoding="UTF-8"?><collection xmlns="http://www.loc.gov/MARC21/slim"><record><leader>00463nam--2200181-u-4500</leader><controlfield tag="001">000051818</controlfield><controlfield tag="002">20161230</controlfield><controlfield tag="005">20161230201049</controlfield><controlfield tag="008">081029s1000------------r-----000-0-eng-d</controlfield><datafield ind1=" " ind2=" " tag="040"><subfield code="a">IFIN-HH</subfield></datafield><datafield ind1=" " ind2=" " tag="080"><subfield code="a">512.55</subfield></datafield><datafield ind1="1" ind2=" " tag="100"><subfield code="a">Andrunakievich,V.A.(red.)</subfield></datafield><datafield ind1="1" ind2="0" tag="245"><subfield code="a">Koltsa, Algebry, Moduli</subfield></datafield><datafield ind1=" " ind2=" " tag="260"><subfield code="a">Kishinev</subfield><subfield code="b">Shtiintsa</subfield><subfield code="c">1981</subfield></datafield><datafield ind1=" " ind2=" " tag="300"><subfield code="a">150 p</subfield></datafield><datafield ind1=" " ind2=" " tag="490"><subfield code="a">Matematicheskie Issledovaniya</subfield><subfield code="v">vol.62</subfield></datafield><datafield ind1=" " ind2=" " tag="852"><subfield code="a">45647</subfield><subfield code="c">517.9</subfield></datafield><datafield ind1=" " ind2=" " tag="CAT"><subfield code="a">Sys</subfield><subfield code="c">20081029</subfield><subfield code="h">101251</subfield></datafield></record></collection>